<record><leader>00000cas a22000007a 4500</leader><controlfield tag="001">14284123</controlfield><controlfield tag="008">860930d18931923inuwr ne      0    0eng d</controlfield><datafield ind1=" " ind2=" " tag="010"><subfield code="a">sn 86059044 </subfield></datafield><datafield ind1=" " ind2=" " tag="040"><subfield code="a">NPI</subfield><subfield code="b">eng</subfield><subfield code="c">NPI</subfield><subfield code="d">OCLCQ</subfield></datafield><datafield ind1=" " ind2=" " tag="042"><subfield code="a">msc</subfield></datafield><datafield ind1="0" ind2=" " tag="130"><subfield code="a">Boonville weekly enquirer (Boonville, Ind. : 1893)</subfield></datafield><datafield ind1="1" ind2="4" tag="245"><subfield code="a">The Boonville weekly enquirer.</subfield></datafield><datafield ind1=" " ind2=" " tag="260"><subfield code="a">Boonville, Ind. :</subfield><subfield code="b">Wm. Swirt,</subfield><subfield code="c">1893-1923.</subfield></datafield><datafield ind1=" " ind2=" " tag="300"><subfield code="a">62 v. :</subfield><subfield code="b">ill. ;</subfield><subfield code="c">58 cm.</subfield></datafield><datafield ind1=" " ind2=" " tag="310"><subfield code="a">Weekly</subfield></datafield><datafield ind1="0" ind2=" " tag="362"><subfield code="a">Vol. 12, no. 1 (Jan. 7, 1893)-v. 73, no. 22 (June 1, 1923).</subfield></datafield><datafield ind1=" " ind2=" " tag="752"><subfield code="a">United States</subfield><subfield code="b">Indiana</subfield><subfield code="c">Warrick</subfield><subfield code="d">Boonville.</subfield></datafield><datafield ind1="0" ind2="0" tag="780"><subfield code="t">Boonville enquirer (Boonville, Ind. : 1881)</subfield><subfield code="w">(DLC)sn 86059043</subfield></datafield><datafield ind1="0" ind2="0" tag="785"><subfield code="t">Boonville enquirer (Boonville, Ind. : 1923)</subfield><subfield code="w">(DLC)sn 86059045</subfield></datafield></record>